%% This BibTeX bibliography file was created using BibDesk.
%% http://bibdesk.sourceforge.net/


%% Created for panik at 2017-04-27 18:11:01 +0200 

@Article{omop-concept-impact,
   Author="Reich, C.  and Ryan, P. B.  and Stang, P. E.  and Rocca, M. ",
   Title="{{E}valuation of alternative standardized terminologies for medical conditions within a network of observational healthcare databases}",
   Journal="J Biomed Inform",
   Year="2012",
   Volume="45",
   Number="4",
   Pages="689--696",
   Month="Aug"
}

@Article{omop-replicability,
   Author="Madigan, D.  and Ryan, P. B.  and Schuemie, M.  and Stang, P. E.  and Overhage, J. M.  and Hartzema, A. G.  and Suchard, M. A.  and DuMouchel, W.  and Berlin, J. A. ",
   Title="{{E}valuating the impact of database heterogeneity on observational study results}",
   Journal="Am. J. Epidemiol.",
   Year="2013",
   Volume="178",
   Number="4",
   Pages="645--651",
   Month="Aug"
}
%% Saved with string encoding Unicode (UTF-8) 
@Article{imi-protect,
   Author="Klungel, O. H.  and Kurz, X.  and de Groot, M. C.  and Schlienger, R. G.  and Tcherny-Lessenot, S.  and Grimaldi, L.  and Ibanez, L.  and Groenwold, R. H.  and Reynolds, R. F. ",
   Title="{{M}ulti-centre, multi-database studies with common protocols: lessons learnt from the {I}{M}{I} {P}{R}{O}{T}{E}{C}{T} project}",
   Journal="Pharmacoepidemiol Drug Saf",
   Year="2016",
   Volume="25 Suppl 1",
   Pages="156--165",
   Month="Mar"
}

@Article{omop-bigboy,
   Author="Hripcsak, G.  and Duke, J. D.  and Shah, N. H.  and Reich, C. G.  and Huser, V.  and Schuemie, M. J.  and Suchard, M. A.  and Park, R. W.  and Wong, I. C.  and Rijnbeek, P. R.  and van der Lei, J.  and Pratt, N.  and Noren, G. N.  and Li, Y. C.  and Stang, P. E.  and Madigan, D.  and Ryan, P. B. ",
   Title="{{O}bservational {H}ealth {D}ata {S}ciences and {I}nformatics ({O}{H}{D}{S}{I}): {O}pportunities for {O}bservational {R}esearchers}",
   Journal="Stud Health Technol Inform",
   Year="2015",
   Volume="216",
   Pages="574--578"
}

@Article{omop-eval,
   Author="Overhage, J. M.  and Ryan, P. B.  and Reich, C. G.  and Hartzema, A. G.  and Stang, P. E. ",
   Title="{{V}alidation of a common data model for active safety surveillance research}",
   Journal="J Am Med Inform Assoc",
   Year="2012",
   Volume="19",
   Number="1",
   Pages="54--60"
}


@article{fhir-google,
  author    = {Alvin Rajkomar and
               Eyal Oren and
               Kai Chen and
               Andrew M. Dai and
               Nissan Hajaj and
               Peter J. Liu and
               Xiaobing Liu and
               Mimi Sun and
               Patrik Sundberg and
               Hector Yee and
               Kun Zhang and
               Gavin E. Duggan and
               Gerardo Flores and
               Michaela Hardt and
               Jamie Irvine and
               Quoc V. Le and
               Kurt Litsch and
               Jake Marcus and
               Alexander Mossin and
               Justin Tansuwan and
               De Wang and
               James Wexler and
               Jimbo Wilson and
               Dana Ludwig and
               Samuel L. Volchenboum and
               Katherine Chou and
               Michael Pearson and
               Srinivasan Madabushi and
               Nigam H. Shah and
               Atul J. Butte and
               Michael Howell and
               Claire Cui and
               Greg Corrado and
               Jeff Dean},
  title     = {Scalable and accurate deep learning for electronic health records},
  journal   = {CoRR},
  volume    = {abs/1801.07860},
  year      = {2018},
  url       = {http://arxiv.org/abs/1801.07860},
  archivePrefix = {arXiv},
  eprint    = {1801.07860},
  timestamp = {Sat, 03 Feb 2018 16:37:37 +0100},
  biburl    = {https://dblp.org/rec/bib/journals/corr/abs-1801-07860},
  bibsource = {dblp computer science bibliography, https://dblp.org}
}

% 29365340 
@Article{omop-german,
   Author="Maier, C.  and Lang, L.  and Storf, H.  and Vormstein, P.  and Bieber, R.  and Bernarding, J.  and Herrmann, T.  and Haverkamp, C.  and Horki, P.  and Laufer, J.  and Berger, F.  and Honing, G.  and Fritsch, H. W.  and Schuttler, J.  and Ganslandt, T.  and Prokosch, H. U.  and Sedlmayr, M. ",
   Title="{{T}owards {I}mplementation of {O}{M}{O}{P} in a {G}erman {U}niversity {H}ospital {C}onsortium}",
   Journal="Appl Clin Inform",
   Year="2018",
   Volume="9",
   Number="1",
   Pages="54--61",
   Month="01"
}

% 26448797 
@Article{omop-nashville,
   Author="FitzHenry, F.  and Resnic, F. S.  and Robbins, S. L.  and Denton, J.  and Nookala, L.  and Meeker, D.  and Ohno-Machado, L.  and Matheny, M. E. ",
   Title="{{C}reating a {C}ommon {D}ata {M}odel for {C}omparative {E}ffectiveness with the {O}bservational {M}edical {O}utcomes {P}artnership}",
   Journal="Appl Clin Inform",
   Year="2015",
   Volume="6",
   Number="3",
   Pages="536--547"
}


@Article{cdm-eval,
author="Gagne, Joshua J.",
title="Common Models, Different Approaches",
journal="Drug Safety",
year="2015",
month="Aug",
day="01",
volume="38",
number="8",
pages="683--686",
issn="1179-1942",
doi="10.1007/s40264-015-0313-9",
url="https://doi.org/10.1007/s40264-015-0313-9"
}


@article{fhir-paris,
	Author = {Morgenstern, Hai and Rafaely, Boaz},
	Date-Added = {2017-04-27 16:09:55 +0000},
	Date-Modified = {2017-04-27 16:10:55 +0000},
	Doi = {https://doi.org/10.17743/jaes.2016.0063},
	Journal = {J. Audio Eng. Soc},
	Month = jan # / # feb,
	Number = {1/2},
	Pages = {42--55},
	Title = {i2b2 implemented over SMART-on-FHIR},
	Volume = {65},
	Year = {2017}}




@article{fhir-deep,
	Author = {Morgenstern, Hai and Rafaely, Boaz},
	Date-Added = {2017-04-27 16:09:55 +0000},
	Date-Modified = {2017-04-27 16:10:55 +0000},
	Doi = {https://doi.org/10.17743/jaes.2016.0063},
	Journal = {J. Audio Eng. Soc},
	Month = jan # / # feb,
	Number = {1/2},
	Pages = {42--55},
	Title = {Spatial Reverberation and Dereverberation Using an Acoustic Multiple-Input Multiple-Output System},
	Volume = {65},
	Year = {2017}}

@article{DEK5,
	Author = {Morgenstern, Hai and Rafaely, Boaz},
	Date-Added = {2017-04-27 16:09:55 +0000},
	Date-Modified = {2017-04-27 16:10:55 +0000},
	Doi = {https://doi.org/10.17743/jaes.2016.0063},
	Journal = {J. Audio Eng. Soc},
	Month = jan # / # feb,
	Number = {1/2},
	Pages = {42--55},
	Title = {Spatial Reverberation and Dereverberation Using an Acoustic Multiple-Input Multiple-Output System},
	Volume = {65},
	Year = {2017}}

@book{DEK4,
	Address = {Cambridge, MA},
	Author = {Roads, C},
	Edition = 1,
	Publisher = {MIT Press},
	Title = {The Computer Music Tutorial},
	Year = {1996}}

@inproceedings{DEK3,
	Address = {Tokyo, Japan},
	Author = {Roads, C},
	Booktitle = {Int. Computer Music Conf.},
	Pages = {102--109},
	Title = {Musical Sound Transformation by Convolution},
	Year = {1993}}

@unpublished{DEK2,
	Author = {Abel, J S and Berners, D. P.},
	Note = {Unpublished Course Notes, CCRMA, Stanford University, Stanford, CA},
	Title = {MUS424/EE367D: Signal Processing Techniques for Digital Audio Effects},
	Year = {2005}}

@article{DEK1,
	Author = {Preis, D.},
	Journal = {J. Audio Eng. Soc.},
	Month = nov,
	Number = {11},
	Pages = {774--779},
	Title = {Phase Distortion and Phase Equalization in Audio Signal Processing---A Tutorial Review},
	Volume = {30},
	Year = {1982}}
